@article{Albert_2016, title={A Hybrid of the Chemical Master Equation and the Gillespie Algorithm for Efficient Stochastic Simulations of Sub-Networks}, volume={11}, ISSN={1932-6203}, DOI={10.1371/journal.pone.0149909}, number={3}, journal={PLOS ONE}, author={Albert, Jaroslav}, year={2016}, month={3}, pages={e0149909}, language={en} }
@inbook{Bacaër_2011, address={London}, title={Verhulst and the logistic equation (1838)}, ISBN={978-0-85729-115-8}, url={https://doi.org/10.1007/978-0-85729-115-8_6}, DOI={10.1007/978-0-85729-115-8_6}, booktitle={A Short History of Mathematical Population Dynamics}, publisher={Springer}, author={Bacaër, Nicolas}, year={2011}, pages={35–39}, language={en} }
@article{Bertalanffy_1950, title={The theory of open systems in physics and biology}, volume={111}, journal={Science (New York, N.Y.)}, author={Bertalanffy, L. von}, year={1950}, pages={23–29} }
@article{Beverton_Holt_1957, title={On the dynamics of exploited fish populations, Volume 19 of Fishery investigations (Great Britain, Ministry of Agriculture, Fisheries, and Food)}, journal={HM Stationery office, London}, author={Beverton, RJH and Holt, SJ}, year={1957} }
@article{Bezanson_et_al_2017, title={Julia: A fresh approach to numerical computing}, volume={59}, number={1}, journal={SIAM review}, publisher={SIAM}, author={Bezanson, Jeff and Edelman, Alan and Karpinski, Stefan and Shah, Viral B}, year={2017}, pages={65–98} }
@article{Bohner_Chieochan_2013, title={The Beverton–Holt q-difference equation}, volume={7}, ISSN={1751-3758}, DOI={10.1080/17513758.2013.804599}, number={1}, journal={Journal of Biological Dynamics}, author={Bohner, Martin and Chieochan, Rotchana}, year={2013}, month={12}, pages={86–95} }
@book{Bolker_2008, title={Ecological Models and Data in R}, ISBN={978-1-4008-4090-8}, url={https://www.degruyter.com/document/doi/10.1515/9781400840908/html}, DOI={10.1515/9781400840908}, journal={Ecological Models and Data in R}, publisher={Princeton University Press}, author={Bolker, Benjamin M.}, year={2008}, month={7}, language={en} }
@article{Boudreau_Dickie_1992, title={Biomass spectra of aquatic ecosystems in relation to fisheries yield}, volume={49}, journal={Canadian Journal of Fisheries and Aquatic Sciences}, author={Boudreau, P. R. and Dickie, L. M.}, year={1992}, pages={1528–1538} }
@article{Bundy_et_al_2004, title={Mass balance models of the eastern Scotian Shelf before and after the cod collapse and other ecosystem changes}, volume={2520}, journal={Can. Tech. Rep. Fish. Aquat. Sci.}, author={Bundy, A.}, year={2004}, pages={xii + 193 p.} }
@article{Cadigan_et_al_2017, title={A spatiotemporal model for snow crab (Chionoecetes opilio) stock size in the southern Gulf of St. Lawrence}, volume={74}, ISSN={0706-652X}, DOI={10.1139/cjfas-2016-0260}, number={11}, journal={Canadian Journal of Fisheries and Aquatic Sciences}, publisher={NRC Research Press}, author={Cadigan, Noel G. and Wade, Elmer and Nielsen, Anders}, year={2017}, month={11}, pages={1808–1820} }
@article{Choi_et_al_2005a, title={Integrated assessment of a large marine ecosystem: a case study of the devolution of the eastern Scotian Shelf, Canada}, volume={43}, journal={Oceanography and Marine Biology: An Annual Review}, author={Choi, J. S. and Frank, K.T. and Petrie, B. and Legget, W.C.}, year={2005}, pages={47–67} }
@article{Choi_2020, title={A framework for the assessment of snow crab (Chionoecetes opilio) in Maritimes Region (NAFO div 4VWX)}, author={Choi, J.S.}, year={2020}, journal={DFO Can. Sci. Advis. Sec. Res. Doc.}, volume={2020/XXX}, pages={viii + 68p.} }
@article{Choi_2022, title={Reconstructing the decline of Atlantic Cod with the help of environmental variability in the Scotian Shelf of Canada}, rights={© 2022, Posted by Cold Spring Harbor Laboratory. The copyright holder for this pre-print is the author. All rights reserved. The material may not be redistributed, re-used or adapted without the author’s permission.}, url={https://www.biorxiv.org/content/10.1101/2022.05.05.490753v3}, DOI={10.1101/2022.05.05.490753}, journal={In Prep}, publisher={bioRxiv}, author={Choi, Jae S.}, year={2022}, month={5}, pages={2022.05.05.490753}, language={en} }
@article{Choi_et_al_2004, title={Transition to an alternate state in a continental shelf ecosystem}, volume={61}, ISSN={0706-652X}, DOI={10.1139/f04-079}, number={4}, journal={Canadian Journal of Fisheries and Aquatic Sciences}, publisher={NRC Research Press}, author={Choi, Jae S and Frank, Kenneth T and Leggett, William C and Drinkwater, Ken}, year={2004}, month={4}, pages={505–510} }
@inbook{Choi_2011, title={Habitat Preferences of the Snow Crab, Chionoecetes opilio: Where Stock Assessment and Ecology Intersect}, ISBN={978-1-56612-154-5}, url={http://www.alaskaseagrant.org/bookstore/pubs/AK-SG-10-01.html}, DOI={10.4027/bmecpcc.2010.02}, booktitle={Biology and Management of Exploited Crab Populations under Climate Change}, publisher={Alaska Sea Grant, University of Alaska Fairbanks}, author={Choi, J.S.}, year={2011}, pages={361–376} }
@article{Choi_et_al_2022, title={Temperature and depth dependence of the spatial distribution of snow crab}, url={https://doi.org/10.1101/2022.12.20.520893}, author={Choi, J.S. and Cameron, B. and Christie, K. and Glass, A. and MacEachern, E.}, year={2022}, journal={In prep}, language={en-CA} }
@article{Choi_Zisserson_2007, title={An assessment of the snow crab resident on the Scotian Shelf in 2006}, volume={2007/017}, journal={DFO Can. Stock Assess. Res. Doc.}, author={Choi, J.S. and Zisserson, B.M.}, year={2007} }
@article{Choi_Zisserson_2011, series={Research Document}, title={Assessment of Scotian Shelf Snow Crab in 2010}, volume={2011/100}, journal={Canadian Science Advisory Secretariat}, author={Choi, J.S. and Zisserson, B.M.}, year={2011}, pages={i–vii; 1–103}, collection={Research Document}, language={eng} }
@article{Choi_et_al_2005b, title={An assessment of the 2004 snow crab populations resident on the Scotian Shelf (CFAs 20 to 24)}, volume={2005/028}, journal={DFO Can. Stock Assess. Res. Doc.}, author={Choi, J.S. and Zisserson, B.M. and Reeves, A.R.}, year={2005} }
@article{Comeau_Conan_1992, title={Morphometry and gonad maturity of male snow crab, Chionoecetes opilio}, volume={49}, journal={Canadian Journal of Fisheries and Aquatic Sciences}, author={Comeau, M. and Conan, G. Y.}, year={1992}, pages={2460–2468} }
@article{Comeau_et_al_1998, title={Growth, spatial distribution, and abundance of benthic stages of the snow crab, Chionoecetes opilio, in Bonne Bay, Newfoundland, Canada}, volume={55}, journal={Canadian Journal of Fisheries and Aquatic Sciences}, author={Comeau, M and Conan, G. Y. and Maynou, F. and Robichaud, G. and Therriault, J. -C. and Starr, M}, year={1998}, pages={262–279} }
@article{Cushing_1969, title={The Regularity of the Spawning Season of Some Fishes}, volume={33}, ISSN={1054-3139}, DOI={10.1093/icesjms/33.1.81}, number={1}, journal={ICES Journal of Marine Science}, author={Cushing, D. H.}, year={1969}, month={Nov}, pages={81–92} }
@article{Drinkwater_2005, title={The response of Atlantic cod (Gadus morhua) to future climate change}, volume={62}, ISSN={1054-3139}, DOI={10.1016/j.icesjms.2005.05.015}, number={7}, journal={ICES Journal of Marine Science}, author={Drinkwater, Kenneth F.}, year={2005}, month={1}, pages={1327–1337} }
@article{Durant_et_al_2007, title={Climate and the match or mismatch between predator requirements and resource availability}, volume={33}, ISSN={0936-577X}, number={3}, journal={Climate Research}, publisher={Inter-Research Science Center}, author={Durant, Joël M. and Hjermann, Dag O. and Ottersen, Geir and Stenseth, Nils Chr.}, year={2007}, pages={271–283} }
@article{Elner_Beninger_1995, title={Multiple reproductive strategies in snow crab, Chionoecetes opilio: physiological pathways and behavioural plasticity}, volume={193}, journal={Journal of Experimental Marine Biology and Ecology}, author={Elner, R. W. and Beninger, P.G.}, year={1995}, pages={93–112} }
@article{Foyle_et_al_1989, title={Energetically defining the thermal limits of the snow crab}, volume={145}, journal={J. Exp. Biol.}, author={Foyle, T.P. and O’Dor, R.K. and Elner, R.W.}, year={1989}, pages={371–393} }
@inproceedings{Ge_et_al_2018, title={Turing: a language for flexible probabilistic inference}, url={http://proceedings.mlr.press/v84/ge18b.html}, booktitle={International conference on artificial intelligence and statistics, AISTATS 2018, 9-11 april 2018, playa blanca, lanzarote, canary islands, spain}, author={Ge, Hong and Xu, Kai and Ghahramani, Zoubin}, year={2018}, pages={1682–1690} }
@article{Gillespie_1992, title={A rigorous derivation of the chemical master equation}, volume={188}, ISSN={0378-4371}, DOI={10.1016/0378-4371(92)90283-V}, number={1}, journal={Physica A: Statistical Mechanics and its Applications}, author={Gillespie, Daniel T.}, year={1992}, month={9}, pages={404–425} }
@misc{Ianelli_et_al_2022, title={GMACS}, url={https://seacode.github.io/gmacs/}, journal={General Model for Assessing Crustacean Stocks}, author={Ianelli, J. and Punt, A. and Webber, D. and Martell, S. and Szuwalski, C.}, year={2022} }
@article{Kitchell_1974, title={Model of Fish Biomass Dynamics}, volume={103}, ISSN={1548-8659}, number={4}, journal={Transactions of the American Fisheries Society}, author={Kitchell, J. F. and Koonce, J. F. and Magnuson, J.J. and ONeill, R.V. and Shugart J.R., Herman H. and Booth, R.S.}, year={1974}, pages={786–798}, language={en} }
@article{Kuhn_Choi_2011, title={Influence of temperature on embryo developmental cycles and mortality of female Chionoecetes opilio (snow crab) on the Scotian Shelf, Canada}, author={Kuhn, P.S. and Choi, J.S.}, journal={Fisheries Research}, volume={107}, ISSN={0165-7836}, DOI={10.1016/j.fishres.2010.11.006}, year={2011}, month={1}, pages={245–252}, language={en} }
@inproceedings{Linden_Stoner_2007, address={Dordrecht}, title={Pre-harvest application of proprietary elicitor delays fruit senescence}, ISBN={978-1-4020-6014-4}, DOI={10.1007/978-1-4020-6014-4_65}, booktitle={Advances in Plant Ethylene Research}, publisher={Springer Netherlands}, author={Linden, J. C. and Stoner, R. J.}, editor={Ramina, Angelo and Chang, Caren and Giovannoni, Jim and Klee, Harry and Perata, Pierdomenico and Woltering, Ernst}, year={2007}, pages={301–302}, language={en} }
@article{Lotka_1920, title={Analytical note on certain rhythmic relations in organic systems}, volume={6}, journal={Proceedings of the National Academy of Science}, author={Lotka, A. J.}, year={1920}, pages={410–415} }
@book{Lotka_1925, title={The elements of physical biology}, publisher={Williams and Wilkins}, author={Lotka, A. J.}, year={1925} }
@article{McKendrick_Pai_1912, title={XLV.—The Rate of Multiplication of Micro-organisms: A Mathematical Study}, volume={31}, ISSN={0370-1646}, DOI={10.1017/S0370164600025426}, journal={Proceedings of the Royal Society of Edinburgh}, publisher={Royal Society of Edinburgh Scotland Foundation}, author={McKendrick, A. G. and Pai, M. Kesava}, year={1912}, pages={649–655}, language={en} }
@article{Meyer_Millar_1999, title={BUGS in Bayesian stock assessments}, volume={56}, ISSN={0706-652X}, DOI={10.1139/f99-043}, number={6}, journal={Canadian Journal of Fisheries and Aquatic Sciences}, publisher={NRC Research Press}, author={Meyer, Renate and Millar, Russell B}, year={1999}, month={6}, pages={1078–1087} }
@article{Moghadas_et_al_2016, title={Novel chitosan-based nanobiohybrid membranes for wound dressing applications}, volume={6}, ISSN={2046-2069}, DOI={10.1039/C5RA23875G}, number={10}, journal={RSC Advances}, publisher={The Royal Society of Chemistry}, author={Moghadas, Babak and Dashtimoghadam, Erfan and Mirzadeh, Hamid and Seidi, Farzad and Hasani-Sadrabadi, Mohammad Mahdi}, year={2016}, month={1}, pages={7701–7711}, language={en} }
@article{Pearl_Reed_1920, title={On the Rate of Growth of the Population of the United States since 1790 and Its Mathematical Representation}, volume={6}, ISSN={0027-8424}, number={6}, journal={Proceedings of the National Academy of Sciences of the United States of America}, author={Pearl, Raymond and Reed, Lowell J.}, year={1920}, month={6}, pages={275–288} }
@article{Pianka_1970, title={On r- and K-selection}, volume={104}, journal={The American Naturalist}, author={Pianka, E. R.}, year={1970}, pages={592–597} }
@misc{Plummer_2003, title={JAGS: A program for analysis of Bayesian graphical models using Gibbs sampling}, author={Plummer, Martyn}, year={2003} }
@article{Poosapati_et_al_2021, title={Rechargeable Zinc-Electrolytic Manganese Dioxide (EMD) Battery with a Flexible Chitosan-Alkaline Electrolyte}, volume={4}, DOI={10.1021/acsaem.1c00675},  number={4}, journal={ACS Applied Energy Materials}, publisher={American Chemical Society}, author={Poosapati, Aswani and Vadnala, Sudharshan and Negrete, Karla and Lan, Yucheng and Hutchison, John and Zupan, Mark and Madan, Deepa}, year={2021}, month={4}, pages={4248–4258} }
@article{Qian_Bishop_2010, title={The Chemical Master Equation Approach to Nonequilibrium Steady-State of Open Biochemical Systems: Linear Single-Molecule Enzyme Kinetics and Nonlinear Biochemical Reaction Networks}, volume={11}, rights={http://creativecommons.org/licenses/by/3.0/}, ISSN={1422-0067}, DOI={10.3390/ijms11093472},  number={99}, journal={International Journal of Molecular Sciences}, publisher={Molecular Diversity Preservation International}, author={Qian, Hong and Bishop, Lisa M.}, year={2010}, month={9}, pages={3472–3500}, language={en} }
@article{Quinn_2003, title={Ruminations on the Development and Future of Population Dynamics Models in Fisheries}, volume={16}, ISSN={1939-7445}, DOI={10.1111/j.1939-7445.2003.tb00119.x},  number={4}, journal={Natural Resource Modeling}, author={Quinn, Terrance J.}, year={2003}, pages={341–392}, language={en} }
@article{Rackauckas_Nie_2017, title={Differentialequations.jl–a performant and feature-rich ecosystem for solving differential equations in julia}, volume={5}, number={1}, journal={Journal of Open Research Software}, publisher={Ubiquity Press}, author={Rackauckas, Christopher and Nie, Qing}, year={2017} }
@article{Sainte-Marie_1993, title={Reproductive cycle and fecundity of primiparous and multiparous female snow crab, Chionoecetes opilio, in the Northwest Gulf of Saint Lawrence}, volume={50}, journal={Canadian Journal of Fisheries and Aquatic Sciences}, author={Sainte-Marie, B}, year={1993}, pages={2147–2156} }
@article{Sainte-Marie_Hazel_1992, title={Moulting and mating of snow crabs, Chionoecetes opilio, in shallow waters of the northwest Gulf of St. Lawrence}, volume={49}, journal={Canadian Journal of Fisheries and Aquatic Sciences}, author={Sainte-Marie, B. and Hazel, F.}, year={1992}, pages={1282–1293} }
@article{Sainte-Marie_Lafrance_2002, title={Growth and survival of recently settled snow crab Chionoecetes opilio in relation to intra- and intercohort competition and cannibalism: a laboratory study}, volume={244}, journal={Marine Ecology Progress Series}, author={Sainte-Marie, B. and Lafrance, M.}, year={2002}, pages={191–203} }
@article{Schaefer_1954, journal={Bulletin of the Inter-American Tuna Commission}, title={Some Aspects of the Dynamics of Populations Important to the Management of the Commercial Marine Fisheries.}, volume={1}, author={Schaefer, M. B}, year={1954}, language={English} }
@article{Siddeek_et_al_2009, title={Proposed harvest control rule for managing the snow crab stock in the southwestern Gulf of St. Lawrence, Canada}, volume={95}, ISSN={0165-7836}, DOI={10.1016/j.fishres.2008.09.032}, number={2}, journal={Fisheries Research}, author={Siddeek, M. S. M. and Wade, E. and Moriyasu, M.}, year={2009}, month={1}, pages={268–279}, language={en} }
@misc{Stan_2022, title={Stan Modeling Language Users Guide and Reference Manual, v 2.30.1}, url={https://mc-stan.org}, author={Stan Development Team}, year={2022} }
@article{Tampieri_et_al_2003, title={Biologically inspired synthesis of bone-like composite: Self-assembled collagen fibers/hydroxyapatite nanocrystals}, volume={67A}, ISSN={1552-4965}, DOI={10.1002/jbm.a.10039}, number={2}, journal={Journal of Biomedical Materials Research Part A}, author={Tampieri, Anna and Celotti, Giancarlo and Landi, Elena and Sandri, Monica and Roveri, Norberto and Falini, Giuseppe}, year={2003}, pages={618–625}, language={en} }
@article{Verhulst_1845, title={Resherches mathematiques sur la loi d’accroissement de la population}, volume={18}, journal={Nouveaux memoires de l’academie royale des sciences}, author={Verhulst, Pierre François}, year={1845}, pages={1–41} }
@article{Wangersky_1978, title={Lotka-volterra population models}, volume={9}, journal={Annual Review of Ecology and Systematics}, author={Wangersky, P. J.}, year={1978}, pages={189–218} }
@article{Webb_et_al_2007, title={Changes in Embryonic Development and Hatching in Chionoecetes opilio (Snow Crab) With Variation in Incubation Temperature}, volume={213}, ISSN={0006-3185}, DOI={10.2307/25066619},number={1}, journal={The Biological Bulletin}, publisher={The University of Chicago Press}, author={Webb, Joel B. and Eckert, Ginny L. and Shirley, Thomas C. and Tamone, Sherry L.}, year={2007}, month={8}, pages={67–75} }
@article{Zhang_et_al_2015, title={Topical and effective hemostatic medicines in the battlefield}, volume={8}, ISSN={1940-5901}, number={1}, journal={International Journal of Clinical and Experimental Medicine}, author={Zhang, Yin-Juan and Gao, Bo and Liu, Xi-Wen}, year={2015}, month={1}, pages={10–19} }
@inbook{Zwanenburg_et_al_2002, title={Four Decadal changes in the Scotian Shelf Large Marine Ecosystem}, volume={10}, ISBN={978-0-444-51011-2}, DOI={10.1016/S1570-0461(02)80056-8}, booktitle={Large Marine Ecosystems}, author={Zwanenburg, K.C.T. and Bowen, D. and Bundy, A. and Frank, K. and Drinkwater, K. and O’Boyle, R. and Sameoto, D. and Sinclair, M.}, year={2002}, month={12}, pages={105–150}, publisher={Elsevier} }

